<record><leader>00000cas a2200000 a 4500</leader><controlfield tag="001">10188190</controlfield><controlfield tag="008">831205c19829999utuer ne      0   a0eng d</controlfield><datafield ind1=" " ind2=" " tag="010"><subfield code="a">sn 85058208 </subfield></datafield><datafield ind1=" " ind2=" " tag="040"><subfield code="a">WIH</subfield><subfield code="b">eng</subfield><subfield code="c">WIH</subfield><subfield code="d">UNP</subfield><subfield code="d">OCL</subfield><subfield code="d">OCLCQ</subfield><subfield code="d">OCLCF</subfield><subfield code="d">OCLCO</subfield></datafield><datafield ind1=" " ind2=" " tag="042"><subfield code="a">msc</subfield></datafield><datafield ind1=" " ind2=" " tag="043"><subfield code="a">n-us-ut</subfield></datafield><datafield ind1="0" ind2=" " tag="130"><subfield code="a">Sampler (Dugway, Utah)</subfield></datafield><datafield ind1="1" ind2="4" tag="245"><subfield code="a">The Sampler.</subfield></datafield><datafield ind1="1" ind2="6" tag="246"><subfield code="a">Deseret sampler</subfield><subfield code="f">July 22, 1982-Aug. 5, 1982</subfield></datafield><datafield ind1=" " ind2=" " tag="260"><subfield code="a">Dugway, Utah :</subfield><subfield code="b">Transcript-Bulletin Pub. Co.,</subfield><subfield code="c">1982-</subfield></datafield><datafield ind1=" " ind2=" " tag="300"><subfield code="a">v. :</subfield><subfield code="b">ill. ;</subfield><subfield code="c">58 cm.</subfield></datafield><datafield ind1=" " ind2=" " tag="310"><subfield code="a">Biweekly</subfield></datafield><datafield ind1="0" ind2=" " tag="362"><subfield code="a">Mar. 26, 1982-</subfield></datafield><datafield ind1=" " ind2=" " tag="500"><subfield code="a">Caption title: The Deseret Sampler, July 22, 1982-Aug. 5, 1982.</subfield></datafield><datafield ind1=" " ind2=" " tag="530"><subfield code="a">Available on microfilm from the State Historical Society of Wisconsin.</subfield></datafield><datafield ind1=" " ind2=" " tag="580"><subfield code="a">Printed in Tooele, Utah at the office of: Tooele bulletin (Tooele, Utah : 1957), and: Tooele transcript (Tooele, Utah : 1957), for distribution at Dugway Proving Ground, Dugway, Utah, 1982-1985; printed at the office of: Tooele transcript-bulletin, 1985-</subfield></datafield><datafield ind1=" " ind2="0" tag="650"><subfield code="a">Military bases</subfield><subfield code="z">Utah</subfield><subfield code="z">Dugway</subfield><subfield code="v">Periodicals.</subfield></datafield><datafield ind1=" " ind2="0" tag="651"><subfield code="a">Dugway Proving Ground (Utah)</subfield><subfield code="v">Periodicals.</subfield></datafield><datafield ind1=" " ind2="7" tag="655"><subfield code="a">Periodicals.</subfield><subfield code="2">fast</subfield><subfield code="0">(OCoLC)fst01411641</subfield></datafield><datafield ind1=" " ind2="7" tag="650"><subfield code="a">Military bases.</subfield><subfield code="2">fast</subfield><subfield code="0">(OCoLC)fst01020986</subfield></datafield><datafield ind1=" " ind2="7" tag="651"><subfield code="a">Utah</subfield><subfield code="z">Dugway.</subfield><subfield code="2">fast</subfield><subfield code="0">(OCoLC)fst01873609</subfield></datafield><datafield ind1=" " ind2="7" tag="651"><subfield code="a">Utah</subfield><subfield code="z">Dugway Proving Ground.</subfield><subfield code="2">fast</subfield><subfield code="0">(OCoLC)fst01692603</subfield></datafield><datafield ind1=" " ind2=" " tag="752"><subfield code="a">United States</subfield><subfield code="b">Utah</subfield><subfield code="c">Tooele</subfield><subfield code="d">Dugway.</subfield></datafield><datafield ind1=" " ind2=" " tag="752"><subfield code="a">United States</subfield><subfield code="b">Utah</subfield><subfield code="c">Tooele</subfield><subfield code="d">Tooele.</subfield></datafield><datafield ind1="0" ind2="0" tag="780"><subfield code="t">Deseret sampler</subfield><subfield code="w">(DLC)sn 85058207</subfield><subfield code="w">(OCoLC)8823154</subfield></datafield><datafield ind1="1" ind2=" " tag="787"><subfield code="t">Tooele bulletin (Tooele, Utah : 1957)</subfield><subfield code="w">(DLC)sn 86091012</subfield><subfield code="w">(OCoLC)13018831</subfield></datafield><datafield ind1="1" ind2=" " tag="787"><subfield code="t">Tooele transcript (Tooele, Utah : 1957)</subfield><subfield code="w">(DLC)sn 86091013</subfield><subfield code="w">(OCoLC)13018839</subfield></datafield><datafield ind1="1" ind2=" " tag="787"><subfield code="t">Tooele transcript-bulletin</subfield><subfield code="w">(DLC)sn 86091014</subfield><subfield code="w">(OCoLC)13018879</subfield></datafield></record>